%%%%Reference 1
@INPROCEEDINGS{R2,  author={Shah, Sandeep and Deshmukh, Chandrakant},  booktitle={2019 IEEE Transportation Electrification Conference (ITEC-India)},   title={Pothole and Bump detection using Convolution Neural Networks},   year={2019},  volume={},  number={},  pages={1-4},  doi={10.1109/ITEC-India48457.2019.ITECINDIA2019-186}}

%%%%%Reference 2
@article{R3,
author = {Rolison, Jonathan and Regev, Shirley and Moutari, Salissou and Feeney, Aidan},
year = {2018},
month = {06},
pages = {},
title = {What are the factors that contribute to road accidents? An assessment of law enforcement views, ordinary drivers' opinions, and road accident records},
volume = {115},
journal = {Accident Analysis and Prevention},
doi = {10.1016/j.aap.2018.02.025}
}
%%%%%Reference 3(Main paper)
@INPROCEEDINGS{R1,  author={Tithi, Aditi and Ali, Firoj and Azrof, Sadman},  booktitle={2021 International Conference on Automation, Control and Mechatronics for Industry 4.0 (ACMI)},   title={Speed Bump and Pothole Detection with Single Shot MultiBox Detector Algorithm amd Speed Control for Autonomous Vehicle},   year={2021},  volume={},  number={},  pages={1-5},  doi={10.1109/ACMI53878.2021.9528185}}
%%%%%%%%%Reference 4
@inproceedings{R4,
title	= {SSD: Single Shot MultiBox Detector},
booktitle={ Computer Vision and Pattern Recognition},
author	= {Wei Liu and Dragomir Anguelov and Dumitru Erhan and Christian Szegedy and Scott Reed and Cheng-Yang Fu and Alexander C. Berg},
year	= {2016},
URL	= {http://arxiv.org/abs/1512.02325},
note	= {To appear.}
}
%%%%%%%%%%%Reference 5(sensor based)
@article{R5,
author = {Tonde, Vandana and Jadhav, Amul and Shinde, Shreyas and Dhoka, Ashish and Bablade, Sandeep},
year = {2015},
month = {03},
pages = {101-104},
title = {Road Quality and Ghats Complexity analysis using Android sensors},
journal = {IJARCCE},
doi = {10.17148/IJARCCE.2015.4324}
}
%%%%%%%%%%%%%%%%%Reference 6
@ARTICLE{R6,  author={Carlos, Manuel Ricardo and Aragón, Mario Ezra and González, Luis C. and Escalante, Hugo Jair and Martínez, Fernando},  journal={IEEE Transactions on Intelligent Transportation Systems},   title={Evaluation of Detection Approaches for Road Anomalies Based on Accelerometer Readings—Addressing Who’s Who},   year={2018},  volume={19},  number={10},  pages={3334-3343},  doi={10.1109/TITS.2017.2773084}}
%%%%%%Reference 7
@article{R7,
  title={Speed bump detection using accelerometric features: A genetic algorithm approach},
  author={Celaya-Padilla, Jose M and Galv{\'a}n-Tejada, Carlos E and L{\'o}pez-Monteagudo, Francisco Eneldo and Alonso-Gonz{\'a}lez, Omero and Moreno-B{\'a}ez, Arturo and Mart{\'\i}nez-Torteya, Antonio and Galv{\'a}n-Tejada, Jorge I and Arceo-Olague, Jose G and Luna-Garc{\'\i}a, Huizilopoztli and Gamboa-Rosales, Hamurabi},
  journal={Sensors},
  volume={18},
  number={2},
  pages={443},
  year={2018},
  publisher={MDPI}
}
%%%%%%%%%%%%Reference 8(abstract)
@INPROCEEDINGS{R8,  author={Shah, Sandeep and Deshmukh, Chandrakant},  booktitle={2019 IEEE Transportation Electrification Conference (ITEC-India)},   title={Pothole and Bump detection using Convolution Neural Networks},   year={2019},  volume={},  number={},  pages={1-4},  doi={10.1109/ITEC-India48457.2019.ITECINDIA2019-186}}
%%%%%%%%%%%%%%%Reference 9
@ARTICLE{R9,  author={González, Luis C. and Moreno, Ricardo and Escalante, Hugo Jair and Martínez, Fernando and Carlos, Manuel Ricardo},  journal={IEEE Transactions on Intelligent Transportation Systems},   title={Learning Roadway Surface Disruption Patterns Using the Bag of Words Representation},   year={2017},  volume={18},  number={11},  pages={2916-2928},  doi={10.1109/TITS.2017.2662483}}
%%%%%Refernce 10
@INPROCEEDINGS{R10,  author={Douangphachanh, Viengnam and Oneyama, Hiroyuki},  booktitle={2013 13th International Conference on ITS Telecommunications (ITST)},   title={Estimation of road roughness condition from smartphones under realistic settings},   year={2013},  volume={},  number={},  pages={433-439},  doi={10.1109/ITST.2013.6685585}}
%%%%%%Reference 11
@inproceedings{R11,
  title={Speed-Breaker Early Warning System},
  author={Mohit Jain and Ajeet Pal Singh and Soshant Bali and Sanjit Krishnan Kaul},
  booktitle={USENIX/ACM Workshop on Networked Systems for Developing Regions},
  year={2012}
}
%%%%%%%%Reference 12
@article{R12,
author = {Chen, Hanshen and Yao, Minghai and Gu, Qinlong},
year = {2020},
month = {04},
pages = {},
title = {Pothole detection using location-aware convolutional neural networks},
volume = {11},
journal = {International Journal of Machine Learning and Cybernetics},
doi = {10.1007/s13042-020-01078-7}
}
%%%%%%%%Reference 13
@INPROCEEDINGS{R13,  author={Devapriya, W. and Babu, C. Nelson Kennedy and Srihari, T.},  booktitle={2016 World Conference on Futuristic Trends in Research and Innovation for Social Welfare (Startup Conclave)},   title={Real time speed bump detection using Gaussian filtering and connected component approach},   year={2016},  volume={},  number={},  pages={1-5},  doi={10.1109/STARTUP.2016.7583981}}
%%%%%%%%%Reference 14
@article{R14,
author = {Varma, V S K P and Sasidharan, Adarsh and Ramachandran, K and Nair, Binoy},
year = {2018},
month = {01},
pages = {988-997},
title = {Real Time Detection of Speed Hump/Bump and Distance Estimation with Deep Learning using GPU and ZED Stereo Camera},
volume = {143},
journal = {Procedia Computer Science},
doi = {10.1016/j.procs.2018.10.335}
}
%%%%%%%%%%%Reference 15
@INPROCEEDINGS{R15,  author={Ping, Ping and Yang, Xiaohui and Gao, Zeyu},  booktitle={2020 IEEE Sixth International Conference on Big Data Computing Service and Applications (BigDataService)},   title={A Deep Learning Approach for Street Pothole Detection},   year={2020},  volume={},  number={},  pages={198-204},  doi={10.1109/BigDataService49289.2020.00039}}
%%%%%%%%Refer16
@INPROCEEDINGS{R16,  author={Vo, Anh-Vu and Truong-Hong, Linh and Laefer, Debra F.},  booktitle={2015 IEEE International Geoscience and Remote Sensing Symposium (IGARSS)},   title={Aerial laser scanning and imagery data fusion for road detection in city scale},   year={2015},  volume={},  number={},  pages={4177-4180},  doi={10.1109/IGARSS.2015.7326746}}
%%%%reference 17
@article{R17,
author = {Byun, Jaemin and Seo, Beom-su and Lee, Jihong},
year = {2015},
month = {05},
pages = {},
title = {Toward Accurate Road Detection in Challenging Environments Using 3D Point Clouds},
volume = {37},
journal = {ETRI Journal},
doi = {10.4218/etrij.15.0113.1131}
}
%%%%%%Reference 18
@article{R18,
author = {Kavitha, D. and Sethuraman, Ravikumar},
year = {2021},
month = {07},
pages = {},
title = {Designing an IoT based autonomous vehicle meant for detecting speed bumps and lanes on roads},
volume = {12},
journal = {Journal of Ambient Intelligence and Humanized Computing},
doi = {10.1007/s12652-020-02419-8}
}
%%%%%%Reference 19
@INPROCEEDINGS{R19,  author={Melo, Suzanne and Marchetti, Emidio and Cassidy, Scott and Hoare, Edward and Bogoni, Antonella and Gashinova, Marina and Cherniakov, Mikhail},  booktitle={2018 19th International Radar Symposium (IRS)},   title={24 GHz Interferometric Radar for Road Hump Detections in Front of a Vehicle},   year={2018},  volume={},  number={},  pages={1-9},  doi={10.23919/IRS.2018.8448029}}
%%%%%Reference 20
@article{R20,
author = {Craciun, Daniela and Deschaud, Jean-Emmanuel and Goulette, François},
year = {2017},
month = {01},
pages = {003754971668302},
title = {Automatic Ground Surface Reconstruction from mobile laser systems for driving simulation engines},
volume = {93},
journal = {SIMULATION},
doi = {10.1177/0037549716683022}
}
%%%%%%%%%%Reference 21
@article{R21,
author = {Bansal, Kashish and Mittal, Kashish and Ahuja, Gautam and Singh, Ashima and Gill, Sukhpal Singh},
year = {2020},
month = {03},
pages = {},
title = {DeepBus: Machine Learning based Real Time Pothole Detection System for Smart Transportation using IoT},
volume = {3},
journal = {Internet Technology Letters},
doi = {10.1002/itl2.156}
}